@techreport{SBNDocDB1020,
  author      = {Sergiampietri, Franco},
  title       = {Layout of signal and calibration cables, flanges and crates for {ICARUS} {600T}},
  institution = {{CERN}},
  note        = {ICARUS-TM, 99/12},
  month       = {April},
  year        = {1999},
  url         = {https://sbn-docdb.fnal.gov/cgi-bin/sso/ShowDocument?docid=1020}
} # SBNDocDB1020


@unpublished{SBNDocDBxxxx:ConnTest,
  author      = {Braggiotti, Alberto and Budd, Howard and Centro, Sandro and Convery, Mark and Fava, Angela and G\'omez, Brenda and Guglielmi, Alberto and Meng, Guang and Petrillo, Gianluca and Tsai, Yun-Tse},
  title       = {ICARUS Connectivity tests},
  institution = {Fermilab},
  year        = {2018},
  note        = {(unpublished technical note)}
} # SBNDocDBxxxx:ConnTest


@unpublished{EDMS1531207v1,
  author      = {Montanari, Claudio S.},
  title       = {Cabling technical specification (https://edms.cern.ch/document/1531207/1)},
  institution = {CERN},
  year        = {2015},
  url        = {(https://edms.cern.ch/document/1531207/1)}
} # SBNDocDBxxxx:ConnTest


@techreport{SBNDocDB14316,
  author      = {Convery, Mark and Fava, Angela and Petrillo, Gianluca and Tsai, Yun-Tse and others},
  title       = {{ICARUS} connectivity test --- {December} 2018},
  institution = {{Fermilab}},
  note        = {SBN DocDB 14316},
  month       = {August},
  year        = {2019},
  url         = {https://sbn-docdb.fnal.gov/cgi-bin/sso/ShowDocument?docid=14316}
} # SBNDocDB14316
